% Encoding: UTF-8

@Article{Rababah2011,
  author  = {Khalid Rababah and Haslina Mohd and Huda Ibrahim},
  journal = {International Journal of e-Education, e-Business, e-Management and e-Learning},
  title   = {Customer Relationship Management (CRM) Processesfrom Theory to Practice: The Pre-implementation Plan ofCRM System},
  year    = {2011},
  number  = {22-23},
  volume  = {1},
}

@Article{Greenwood2002,
  author  = {Michelle R. Greenwood},
  journal = {Journal of Business Ethics},
  title   = {Ethics and HRM:A Review andConceptual Analysis},
  year    = {2002},
  pages   = {262-265},
  volume  = {36},
}

@MastersThesis{Ding2015,
  author = {Yumei Ding},
  school = {School of management, Wuhan University of technology, Wuhan, 430070, China},
  title  = {Enterprise Financial Management System Analysis and Design based on ERP},
  year   = {2015},
}

@InBook{Schwalbe2015,
  author    = {Kathy Schwalbe},
  chapter   = {An Introduction to Project, Program, andPortfolio Management},
  pages     = {2-5},
  publisher = {Schwalbe Publishing},
  title     = {An Introduction to ProjectManagement, Fifth Edition},
  year      = {2015},
}

@Electronic{Microsoft2022,
  author = {Microsoft},
  title  = {What is ERP?},
  url    = {https://dynamics.microsoft.com/en-us/erp/what-is-erp/},
  year   = {2022},
  Urldate = {2022-08-21},
}

@Electronic{AFASsoftware2020,
  author = {AFASsoftware},
  title  = {ERP-systeem: meer grip op al je bedrijfsprocessen},
  url    = {https://www.afas.be/blog/wat-is-een-erp-systeem},
  year   = {2020},
  Urldate = {2022-08-20},
}

@Electronic{Oracle2022,
  author = {Oracle},
  title  = {What is SCM (Supply Chain Management)?},
  url    = {https://www.oracle.com/be/scm/what-is-supply-chain-management/},
  year   = {2022},
  Urldate = {2022-08-20},
}

@Electronic{Captivea2022,
  author = {Captivea},
  title  = {What is ERP (Enterprise Resource Planning)? },
  url    = {https://www.captivea.com/erp/erp-manufacturing},
  year   = {2022},
  Urldate = {2022-08-20},
}

@Electronic{Syntax2020,
  author = {Syntax},
  title  = {SAP ECC vs. SAP S/4HANA – Which One is Right for You?},
  url    = {https://www.syntax.com/sap-ecc-vs-sap-s4hana-which-one-is-right-for-you/},
  year   = {2020},
  Urldate = {2022-08-19},
}

@Electronic{Journyx2014,
  author = { Journyx },
  title  = {Dynamics NAV vs. AX vs. GP vs. SL – Which One is Right for You?},
  url    = {https://www.erpsoftwareblog.com/2014/12/dynamics-nav-vs-ax-vs-gp-vs-sl-one-right/},
  year   = {2014},
  Urldate = {2022-08-20},
}

@Electronic{Infor2022,
  author = {Infor },
  title  = {Infor M3},
  url    = {https://www.infor.com/solutions/erp/m3},
  year   = {2022},
  Urldate = {2022-08-18},
}

@Electronic{firebearstudio.com2021,
  author = {firebearstudio.com},
  title  = {SAP Business One In-Depth Review},
  url    = {https://firebearstudio.com/blog/sap-business-one-in-depth-review.html},
  year   = {2021},
  Urldate = {2022-08-21},
}

@Electronic{Schwarz2020,
  author = {Lisa Schwarz},
  title  = {Pros and Cons of Using an ERP},
  url    = {https://www.netsuite.com/portal/resource/articles/erp/erp-pros-cons.shtml},
  year   = {2020},
  Urldate = {2022-08-19},
}

@Comment{jabref-meta: databaseType:biblatex;}
